@book{cox2008risk,
  title={Risk aversion in experiments},
  author={Cox, James C and Harrison, Glenn W},
  volume={12},
  year={2008},
  publisher={Emerald Group Publishing}
}

@incollection{harrison2008risk,
  author = {Harrison, Glenn W and Rutstrom, E Elisabet},
  title = {RISK AVERSION IN THE LABORATORY},
  pages = {41â€“196},
  booktitle = {Risk aversion in experiments},
  editor = {Cox, James C and Harrison, Glenn W},
  publisher = {Emerald Group Publishing},
  volume={12},  
  year = {2008}
}

@article{taylor2013bias,
  title={Bias and brains: Risk aversion and cognitive ability across real and hypothetical settings},
  author={Taylor, Matthew P},
  journal={Journal of Risk and Uncertainty},
  volume={46},
  number={3},
  pages={299--320},
  year={2013},
  publisher={Springer}
}